@Article{Lamp86,
  author =       "Djebbara Yasmina, Rebai Karima, Azouaoui Ouahiba",
  title =        "Traffic Signs Recognition with Deep Learning",
  journal = 	 "2018 International Conference on Applied Smart Systems ",
  year = 	 "ICASS'2018",
  volume = 	 "IEEE Explore",
}
@Article{Lamp86,
  author =       "Djebbara Yasmina, Rebai Karima, Azouaoui Ouahiba",
  title =        "Traffic Signs Recognition with Deep Learning",
  journal = 	 "2018 International Conference on Applied Smart Systems ",
  year = 	 "ICASS'2018",
  volume = 	 "IEEE Explore",
}

